<?xml version="1.0" encoding="UTF-8"?><collection xmlns="http://www.loc.gov/MARC21/slim"><record><leader>00339nam--2200133-i-4500</leader><controlfield tag="001">000033388</controlfield><controlfield tag="002">20161230</controlfield><controlfield tag="005">20161230201039</controlfield><controlfield tag="008">060222s1000------------r-----000-0-eng-d</controlfield><datafield ind1=" " ind2=" " tag="080"><subfield code="a">621.372</subfield></datafield><datafield ind1=" " ind2=" " tag="100"><subfield code="a">Mourmant, P</subfield></datafield><datafield ind1=" " ind2=" " tag="245"><subfield code="a">Le calcul graphique des circuits. serie-parallele</subfield></datafield><datafield ind1=" " ind2=" " tag="260"><subfield code="a">Paris, Editions Etienne, 1948, 404p</subfield></datafield><datafield ind1=" " ind2=" " tag="852"><subfield code="a">978</subfield></datafield></record></collection>